<record><leader>00000cas a22000007a 4500</leader><controlfield tag="001">18825700</controlfield><controlfield tag="008">881201d19131915iduwr ne      0    0eng d</controlfield><datafield ind1=" " ind2=" " tag="010"><subfield code="a">sn 88056133 </subfield></datafield><datafield ind1=" " ind2=" " tag="040"><subfield code="a">NVB</subfield><subfield code="b">eng</subfield><subfield code="c">NVB</subfield><subfield code="d">OCLCQ</subfield><subfield code="d">OCLCF</subfield><subfield code="d">OCLCO</subfield></datafield><datafield ind1=" " ind2=" " tag="042"><subfield code="a">msc</subfield></datafield><datafield ind1=" " ind2=" " tag="043"><subfield code="a">n-us-id</subfield></datafield><datafield ind1="0" ind2="0" tag="245"><subfield code="a">Bovil record.</subfield></datafield><datafield ind1=" " ind2=" " tag="260"><subfield code="a">Bovil, Idaho :</subfield><subfield code="b">O.W. Hawkins</subfield></datafield><datafield ind1=" " ind2=" " tag="300"><subfield code="a">v.</subfield></datafield><datafield ind1=" " ind2=" " tag="310"><subfield code="a">Weekly</subfield></datafield><datafield ind1="0" ind2=" " tag="362"><subfield code="a">Vol. 1, no. 1 (Aug. 22, 1913)-</subfield></datafield><datafield ind1="1" ind2=" " tag="362"><subfield code="a">Ceased with May 7, 1915 issue.</subfield></datafield><datafield ind1=" " ind2="0" tag="651"><subfield code="a">Bovill (Idaho)</subfield><subfield code="v">Newspapers.</subfield></datafield><datafield ind1=" " ind2="7" tag="655"><subfield code="a">Newspapers.</subfield><subfield code="2">fast</subfield><subfield code="0">(OCoLC)fst01423814</subfield></datafield><datafield ind1=" " ind2="7" tag="651"><subfield code="a">Idaho</subfield><subfield code="z">Bovill.</subfield><subfield code="2">fast</subfield><subfield code="0">(OCoLC)fst01288663</subfield></datafield><datafield ind1=" " ind2=" " tag="752"><subfield code="a">United States</subfield><subfield code="b">Idaho</subfield><subfield code="c">Latah</subfield><subfield code="d">Bovil.</subfield></datafield><datafield ind1="0" ind2="7" tag="785"><subfield code="t">Deary enterprise</subfield><subfield code="w">(DLC)sn 86091093</subfield></datafield><datafield ind1="0" ind2="7" tag="785"><subfield code="t">Inland empire rural</subfield></datafield></record>